<record><leader>00000cas a2200000 a 4500</leader><controlfield tag="001">34178462</controlfield><controlfield tag="007">hd afu---bact</controlfield><controlfield tag="007">hd bfu---baat</controlfield><controlfield tag="008">960213d18921896nbuwr nea     0   a0eng d</controlfield><datafield ind1=" " ind2=" " tag="010"><subfield code="a">sn 95073642 </subfield></datafield><datafield ind1=" " ind2=" " tag="040"><subfield code="a">NVG</subfield><subfield code="b">eng</subfield><subfield code="c">NVG</subfield><subfield code="d">OCL</subfield><subfield code="d">OCLCQ</subfield></datafield><datafield ind1=" " ind2=" " tag="042"><subfield code="a">msc</subfield></datafield><datafield ind1=" " ind2=" " tag="043"><subfield code="a">n-us-in</subfield></datafield><datafield ind1=" " ind2=" " tag="045"><subfield code="a">w9w9</subfield></datafield><datafield ind1=" " ind2=" " tag="052"><subfield code="a">4093</subfield><subfield code="b">M3</subfield></datafield><datafield ind1="0" ind2="4" tag="245"><subfield code="a">The American nonconformist</subfield><subfield code="h">[microform].</subfield></datafield><datafield ind1=" " ind2=" " tag="260"><subfield code="a">Indianapolis, Ind. :</subfield><subfield code="b">Vincent Bros. Pub. Co.,</subfield><subfield code="c">1892-1899.</subfield></datafield><datafield ind1=" " ind2=" " tag="310"><subfield code="a">Weekly</subfield></datafield><datafield ind1="0" ind2=" " tag="362"><subfield code="a">Whole no. 630 (July 21, 1892)-whole no. 973 (Feb. 23, 1899).</subfield></datafield><datafield ind1=" " ind2=" " tag="500"><subfield code="a">Published in Indianapolis, Ind., July 21, 1892-Mar. 17, 1898, in Omaha, Neb., Mar. 24, 1898-Feb. 23, 1899.</subfield></datafield><datafield ind1=" " ind2=" " tag="500"><subfield code="a">"A weekly journal devoted to the interests of the wealth-providing classes."</subfield></datafield><datafield ind1=" " ind2=" " tag="515"><subfield code="a">Issues for July 21, 1892-June 15, 1893 also called v. 13, no. 6-v. 14, no. 1.</subfield></datafield><datafield ind1=" " ind2=" " tag="533"><subfield code="a">Microfilm.</subfield><subfield code="m">1892-1899:[Gaps]</subfield><subfield code="b">[Lincoln, Neb. :</subfield><subfield code="c">Nebraska State Historical Society].</subfield><subfield code="e">3 microfilm reels ; 35 mm.</subfield></datafield><datafield ind1=" " ind2=" " tag="752"><subfield code="a">United States</subfield><subfield code="b">Nebraska</subfield><subfield code="c">Douglas</subfield><subfield code="d">Omaha.</subfield></datafield><datafield ind1=" " ind2=" " tag="752"><subfield code="a">United States</subfield><subfield code="b">Nebraska</subfield><subfield code="c">Marion</subfield><subfield code="d">Indianapolis.</subfield></datafield><datafield ind1="1" ind2=" " tag="776"><subfield code="c">Original</subfield><subfield code="w">(DLC)sn 83025633</subfield></datafield><datafield ind1="0" ind2="0" tag="780"><subfield code="t">American nonconformist and industrial liberator</subfield><subfield code="w">(DLC)sn 95073641</subfield></datafield><datafield ind1="0" ind2="0" tag="785"><subfield code="t">Nonconformist (Omaha, Neb.)</subfield><subfield code="w">(DLC)sn 95073643</subfield></datafield><datafield ind1="1" ind2=" " tag="029"><subfield code="a">AU@</subfield><subfield code="b">000022177566</subfield></datafield></record>